@inproceedings{AStarIDOD_standley_2010,
    title={Finding optimal solutions to cooperative pathfinding problems},
    author={Standley, Trevor},
    booktitle={Proceedings of the AAAI Conference on Artificial Intelligence},
    volume={24},
    number={1},
    year={2010},
}

@misc{stern2019multiagent,
	title={Multi-Agent Pathfinding: Definitions, Variants, and Benchmarks}, 
	author={Roni Stern and Nathan Sturtevant and Ariel Felner and Sven Koenig and Hang Ma and Thayne Walker and Jiaoyang Li and Dor Atzmon and Liron Cohen and T. K. Satish Kumar and Eli Boyarski and Roman Bartak},
	year={2019},
	eprint={1906.08291},
	archivePrefix={arXiv},
	primaryClass={cs.AI}
}

@misc{mulderij2020train,
	title={Train Unit Shunting and Servicing: a Real-Life Application of Multi-Agent Path Finding}, 
	author={Jesse Mulderij and Bob Huisman and Denise TÃ¶nissen and Koos van der Linden and Mathijs de Weerdt},
	year={2020},
	eprint={2006.10422},
	archivePrefix={arXiv},
	primaryClass={cs.MA}
}